@article{jdean2004,
  author        = "J. Dean and S. Ghemawat",
  title         = "Map{R}educe: Simplified data processing on large clusters",
  journal       = "In OSDI",
  year          = "2004",  
}


@article{matei2010,
  author        = "Matei Zaharia and Mosharaf Chowdhury and Michael J. Franklin, 
                    Scott Shenker and Ion Stoica",
  title         = "Spark: Cluster Computing with Working Sets",
  journal       = "In HotCloud",
  month         = "June",
  year          = "2010",  
}

@article{matei2012,
  author        = "Matei Zaharia and Mosharaf Chowdhury and Tathagata Das and Ankur Dave and Justin Ma and Murphy McCauley and Michael J. Franklin and Scott Shenker and Ion Stoica",
  title         = "Resilient {D}istributed {D}atasets: A Fault-Tolerant Abstraction for In-Memory Cluster Computing",
  journal       = "In NSDI",
  month         = "April",
  year          = "2012",
}

@misc{page1999,
  author        = "Lawrence Page and Sergey Brin and Rajeev Motwani and Terry Winograd",
  title         = "The {P}age{R}ank Citation Ranking: Bringing Order to the {W}eb",
  howpublished  = "Technical Report",
  organization  = "Stanford InfoLab",  
  year          = "1999"
}

@inproceedings{brin1998,
  author        = "Sergey Brin and Lawence Page",
  title         = "The anatomy of a large-scale hypertextual Web search engine",
  booktitle     = "Proceedings of the Seventh International World Wide Web Conference",
  volume        = "30",
  month         = "April",
  year          = "1998",
  pages         = "107-117"
}

@inproceedings{monica2005,
  author        = "Monica Bianchini and Marco Gori and Franco Scarselli",
  title         = "Inside {P}age{R}ank",
  booktitle     = "ACM Transactions on Intenet Technology",
  volume        = "5",
  year          = "2005",
  pages         = "92-128"
}

@inproceedings{grzegorz2010,
  author        = "Grzegorz Malewicz and Matthew H. Austern and Aart J.C Bik and James C. Dehnert and Ilan Horn and Naty Leiser and Grzegorz Czajkowski",
  title         = "Pregel: a system for large-scale graph processing",
  booktitle     = "Proceedings of the 2010 ACM SIGMOD International Conference on Management of data",  
  year          = "2010",
  pages         = "135-146"
}

@INPROCEEDINGS{jurij2005,
    author    = "Jurij Leskovec and Deepayan Chakrabarti and Jon Kleinberg and Christos Faloutsos",
    title     = "Realistic, mathematically tractable graph generation and evolution, using {K}ronecker multiplication",
    booktitle = "Proceedings of the 9th European conference on Principles and Practice of Knowledge Discovery in Databases",
    year      = "2005",
    pages     = "133-145",
    publisher = "Springer"
}
@INPROCEEDINGS{jaliya2010,
    author    = "Jaliya Ekanayake and Hui Li and Bingjing Zhang and Thilina Gunarathne and Seung-Hee Bae and Judy Qiu and Geoffrey Fox",
    title     = "Twister: A Runtime for Iterative {M}ap{R}educe",
    booktitle = "Proceedings of the 19th ACM International Symposium on High Performance Distributed Computing",
    year      = "2010",
    pages     = "810-818"
}

@INPROCEEDINGS{yingyi2010,
    author    = "Yingyi Bu and Bill Howe and Magdalena Balazinska and Michael D. Ernst",
    title     = "Ha{L}oop: Efficient Iterative Data Processing on Large Clusters",
    booktitle = "Proceedings of the VLDB Endowment",
    volumn    = "3",
    month     = "September",    
    year      = "2010",
    pages     = "285-296"
}

@INPROCEEDINGS{yanfeng2011,
    author    = "Yanfeng Zhang and Qinxin Gao and Lixin Gao and Cuirong Wang",
    title     = "i{M}ap{R}educe: A Distributed Computing Framework for Iterative Computation",
    booktitle = " Proceedings of the 2011 IEEE International Symposium on Parallel and Distributed Processing Workshops and PhD Forum",       
    year      = "2011",
    pages     = "1112-1121"
}

@inproceedings{hindman2011,
    title          = {Mesos: A platform for fine-grained resource sharing in the data center},
    author         = {Hindman, Benjamin and Konwinski, Andy and Zaharia, Matei and Ghodsi, Ali and Joseph, Anthony D and Katz, Randy and Shenker, Scott and Stoica, Ion},
    booktitle      = {Proceedings of the 8th USENIX conference on Networked systems design and implementation},
    pages          = {22--22},
    year           = {2011},
    organization   = {USENIX Association}
}

@INPROCEEDINGS{michael2007,
  author          = "Michael Isard and Mihai Budiu and Yuan Yu and Andrew Birrell and Dennis Fetterly",
  title           = "Dryad: Distributed Data-Parallel Programs from Sequential Building Blocks",
  booktitle       = "Proceedings of the 2nd ACM SIGOPS/EuroSys European Conference on Computer Systems 2007",
  volume          = "41",
  month           = "June",  
  year            = "2007",
  pages           = "59-72"  
}

@inproceedings{pavlo2009,
  title           = {A comparison of approaches to large-scale data analysis},
  author          = {Pavlo, Andrew and Paulson, Erik and Rasin, Alexander and Abadi, Daniel J and DeWitt, David J and Madden, Samuel and Stonebraker, Michael},
  booktitle       = {Proceedings of the 2009 ACM SIGMOD International Conference on Management of data},
  pages           = {165--178},
  year            = {2009},
  organization    = {ACM}
}

@article{jiang2010,
  title           = {The performance of {M}ap{R}educe: An in-depth study},
  author          = {Jiang, Dawei and Ooi, Beng Chin and Shi, Lei and Wu, Sai},
  journal         = {Proceedings of the VLDB Endowment},
  volume          = {3},
  number          = {1-2},
  pages           = {472--483},
  year            = {2010},
  publisher       = {VLDB Endowment}
}

@article{lee2012,
  title           = {Parallel data processing with {M}ap{R}educe: a survey},
  author          = {Lee, Kyong-Ha and Lee, Yoon-Joon and Choi, Hyunsik and Chung, Yon Dohn and Moon, Bongki},
  journal         = {ACM SIGMOD Record},
  volume          = {40},
  number          = {4},
  pages           = {11--20},
  year            = {2012},
  publisher       = {ACM}
}

@article{kleinberg1999,
  title         = {Authoritative sources in a hyperlinked environment},
  Authoritative = {Kleinberg, Jon M},
  journal       = {Journal of the ACM (JACM)},
  volume        = {46},
  number        = {5},
  pages         = {604--632},
  year          = {1999},
  publisher     = {ACM}
}

@book{bancilhon1986,
  title           = {An amateur's introduction to recursive query processing strategies},
  Authoritative   = {Bancilhon, Francois and Ramakrishnan, Raghu},
  volume          = {15},
  number          = {2},
  year            = {1986},
  publisher       = {ACM}
}

@inproceedings{kang2009,
  title           = {Pegasus: A peta-scale graph mining system implementation and observations},
  Authoritative   = {Kang, U and Tsourakakis, Charalampos E and Faloutsos, Christos},
  booktitle       = {Data Mining, 2009. ICDM'09. Ninth IEEE International Conference on},
  pages           = {229--238},
  year            = {2009},
  organization    = {IEEE}
}

@inproceedings{malewicz2010,
  title           = {Pregel: A system for large-scale graph processing},
  Authoritative   = {Malewicz, Grzegorz and Austern, Matthew H and Bik, Aart JC and Dehnert, James C and Horn, Ilan and Leiser, Naty and Czajkowski, Grzegorz},
  booktitle       = {Proceedings of the 2010 ACM SIGMOD International Conference on Management of data},
  pages           = {135--146},
  year            = {2010},
  organization    = {ACM}
}

@article{low2012,
  title           = {Distributed {GraphLab}: A framework for machine learning and data mining in the cloud},
  Authoritative   = {Low, Yucheng and Bickson, Danny and Gonzalez, Joseph and Guestrin, Carlos and Kyrola, Aapo and Hellerstein, Joseph M},
  Journal         = {Proceedings of the VLDB Endowment},
  volume          = {5},
  number          = {8},
  pages           = {716--727},
  year            = {2012},
  publisher       = {VLDB Endowment}
}

@book{jimmy2010,
  author        = "Jimmy Lin and Chris Dyer",
  title         = "Data-Intensive Text Processing with MapReduce",
  publisher     = "Morgan \& Claypool",
  year          = "2010"
}

@electronic{url_hadoop,
  title         = "Apache {H}adoop",
  url           = "http://hadoop.apache.org", 
}

@electronic{url_spark,
  title         = "Spark",
  url           = "http://spark-project.org/", 
}
 
@electronic{url_mesos,
  title         = "Apache {M}esos",
  url           = "http://incubator.apache.org/mesos/", 
}

@electronic{url_bagel,
  title         = "Spark Bagel",
  url           = "http://spark-project.org/docs/latest/bagel-programming-guide.html",  
}

@electronic{url_snap,
  title         = "Stanford {SNAP}",
  url           = "http://snap.stanford.edu/",  
}

@electronic{url_twitter_dataset,
  title         = "Twitter Graph Dataset",
  url           = "http://socialcomputing.asu.edu/datasets/Twitter",  
}

@misc{zafarani2009,
  author        = "R. Zafarani and H. Liu",
  year          = "2009",
  title         = "Social Computing Data Repository at {ASU}",
  url           = "http://socialcomputing.asu.edu",
  institution   = "Arizona State University, School of Computing, Informatics and Decision Systems Engineering" 
}